@article{breslow2013studying,
  title={Studying learning in the worldwide classroom: Research into edx’s first mooc},
  author={Breslow, Lori and Pritchard, David E and DeBoer, Jennifer and Stump, Glenda S and Ho, Andrew D and Seaton, DT},
  journal={Research \& Practice in Assessment},
  volume={8},
  pages={13--25},
  year={2013}
}

@book{menard2002applied,
  title={Applied logistic regression analysis},
  author={Menard, Scott},
  volume={106},
  year={2002},
  publisher={Sage}
}

@article{balakrishnan2013predicting,
  title={Predicting Student Retention in Massive Open Online Courses using Hidden Markov Models},
  author={Balakrishnan, Girish and Coetzee, Derrick},
  year={2013}
}

@article{meinshausen2010stability,
  title={Stability selection},
  author={Meinshausen, Nicolai and B{\"u}hlmann, Peter},
  journal={Journal of the Royal Statistical Society: Series B (Statistical Methodology)},
  volume={72},
  number={4},
  pages={417--473},
  year={2010},
  publisher={Wiley Online Library}
}

@article{deboer2bringing,
  title={Bringing student backgrounds online: MOOC user demographics, site usage, and online learning},
  author={DeBoer, Jennifer and Ho, Andrew and Stump, Glenda S and Pritchard, David E and Seaton, Daniel and Breslow, Lori},
  journal={engineer},
  volume={2},
  pages={0--81}
}

@article{pappano2012year,
  title={The Year of the MOOC},
  author={Pappano, Laura},
  journal={The New York Times},
  volume={2},
  number={12},
  pages={2012},
  year={2012}
}

@article{kulkarni2013peer,
  title={Peer and self assessment in massive online classes},
  author={Kulkarni, Chinmay and Wei, Koh Pang and Le, Huy and Chia, Daniel and Papadopoulos, Kathryn and Cheng, Justin and Koller, Daphne and Klemmer, Scott R},
  journal={ACM Transactions on Computer-Human Interaction (TOCHI)},
  volume={20},
  number={6},
  pages={33},
  year={2013},
  publisher={ACM}
}

@article{gillani2013learner,
  title={Learner communications in massively open online courses},
  author={Gillani, Nabeel},
  journal={OxCHEPS Occasional Paper},
  number={53},
  year={2013}
}
@inproceedings{guo2014video,
  title={How video production affects student engagement: An empirical study of mooc videos},
  author={Guo, Philip J and Kim, Juho and Rubin, Rob},
  booktitle={Proceedings of the first ACM conference on Learning@ scale conference},
  pages={41--50},
  year={2014},
  organization={ACM}
}

@article{deboer2013changing,
  title={Changing “Course”: Reconceptualizing Educational Variables for Massive Open Online Courses},
  author={DeBoer, Jennifer and Ho, Andrew D and Stump, Glenda S and Breslow, Lori},
  journal={Export BibTex Tagged XML Publication Link: http://tll. mit. edu/sites/default/files/library/Changing\_Course. pdf Admin Login OpenScholar},
  year={2013}
}
@inproceedings{xu2014visual,
  title={Visual analytics of MOOCs at maryland},
  author={Xu, Zhengzheng and Goldwasser, Dan and Bederson, Benjamin B and Lin, Jimmy},
  booktitle={Proceedings of the first ACM conference on Learning@ scale conference},
  pages={195--196},
  year={2014},
  organization={ACM}
}
@inproceedings{anderson2014engaging,
  title={Engaging with massive online courses},
  author={Anderson, Ashton and Huttenlocher, Daniel and Kleinberg, Jon and Leskovec, Jure},
  booktitle={Proceedings of the 23rd international conference on World wide web},
  pages={687--698},
  year={2014},
  organization={International World Wide Web Conferences Steering Committee}
}

@article{alariodelving,
  title={Delving into participants’ profiles and use of social tools in MOOCs},
  author={Alario-Hoyos, Carlos and P{\'e}rez-Sanagust{\'\i}n, Mar and Delgado-Kloos, Carlos and Parada, G and Munoz-Organero, M and others},
  publisher={IEEE}
}
@article{guounderstanding,
  title={Understanding In-Video Dropouts and Interaction Peaks in Online Lecture Videos},
  author={Guo, Juho Kim1 Philip J and Krzysztof, Daniel T Seaton3 Piotr Mitros and Miller, Z Gajos5 Robert C}
}
@article{rayyan2013participation,
  title={Participation And performance In 8.02 x Electricity And Magnetism: The First Physics MOOC From MITx},
  author={Rayyan, Saif and Seaton, Daniel T and Belcher, John and Pritchard, David E and Chuang, Isaac},
  journal={arXiv preprint arXiv:1310.3173},
  year={2013}
}

@article{aiken2013initial,
  title={The Initial State of Students Taking an Introductory Physics MOOC},
  author={Aiken, John M and Lin, Shih-Yin and Schatz, Michael F and Caballero, Marcos D},
  journal={arXiv preprint arXiv:1307.2533},
  year={2013}
}
@article{guodemographic,
  title={Demographic Differences in How Students Navigate Through MOOCs},
  author={Guo, Philip J and Reinecke, Katharina}
}
@article{nesterkoevaluating,
  title={Evaluating Geographic Data in MOOCs},
  author={Nesterko, Sergiy O and Dotsenko, Svetlana and Hu, Qiuyi and Seaton, Daniel and Reich, Justin and Chuang, Isaac and Ho, Andrew}
}
@article{wilkowskistudent,
  title={Student Skill and Goal Achievement in the Mapping with Google MOOC},
  author={Wilkowski, Julia and Deutsch, Amit and Russell, Daniel M}
}
@inproceedings{nesterko2014due,
  title={Due dates in MOOCs: does stricter mean better?},
  author={Nesterko, Sergiy O and Seaton, Daniel and Reich, Justin and McIntyre, Joseph and Han, Qiuyi and Chuang, Isaac and Ho, Andrew},
  booktitle={Proceedings of the first ACM conference on Learning@ scale conference},
  pages={193--194},
  year={2014},
  organization={ACM}
}
@article{schneiderdid,
  title={“Why did you enroll in this course?” Developing a Standardized Survey Question for Reasons to Enroll},
  author={Schneider, Emily and Kizilcec, Ren{\'e} F}
}
@inproceedings{coffrin2014visualizing,
  title={Visualizing patterns of student engagement and performance in MOOCs},
  author={Coffrin, Carleton and Corrin, Linda and de Barba, Paula and Kennedy, Gregor},
  booktitle={Proceedins of the Fourth International Conference on Learning Analytics And Knowledge},
  pages={83--92},
  year={2014},
  organization={ACM}
}

@inproceedings{stephens2014monitoring,
  title={Monitoring MOOCs: which information sources do instructors value?},
  author={Stephens-Martinez, Kristin and Hearst, Marti A and Fox, Armando},
  booktitle={Proceedings of the first ACM conference on Learning@ scale conference},
  pages={79--88},
  year={2014},
  organization={ACM}
}
@article{halawadropout,
  title={Dropout Prediction in MOOCs using Learner Activity Features},
  author={Halawa, Sherif and Greene, Daniel and Mitchell, John}
}

@article{christensen2013mooc,
  title={The MOOC phenomenon: who takes massive open online courses and why?},
  author={Christensen, Gayle and Steinmetz, Andrew and Alcorn, Brandon and Bennett, Amy and Woods, Deirdre and Emanuel, Ezekiel J},
  journal={Available at SSRN},
  year={2013}
}
@inproceedings{kim2014understanding,
  title={Understanding in-video dropouts and interaction peaks inonline lecture videos},
  author={Kim, Juho and Guo, Philip J and Seaton, Daniel T and Mitros, Piotr and Gajos, Krzysztof Z and Miller, Robert C},
  booktitle={Proceedings of the first ACM conference on Learning@ scale conference},
  pages={31--40},
  year={2014},
  organization={ACM}
}
@inproceedings{deboer2014tracking,
  title={Tracking progress: predictors of students' weekly achievement during a circuits and electronics MOOC},
  author={DeBoer, Jennifer and Breslow, Lori},
  booktitle={Proceedings of the first ACM conference on Learning@ scale conference},
  pages={169--170},
  year={2014},
  organization={ACM}
}

@article{ebben2014unpacking,
  title={Unpacking MOOC scholarly discourse: a review of nascent MOOC scholarship},
  author={Ebben, Maureen and Murphy, Julien S},
  journal={Learning, Media and Technology},
  number={ahead-of-print},
  pages={1--18},
  year={2014},
  publisher={Taylor \& Francis}
}

@inproceedings{kizilcec2013deconstructing,
  title={Deconstructing disengagement: analyzing learner subpopulations in massive open online courses},
  author={Kizilcec, Ren{\'e} F and Piech, Chris and Schneider, Emily},
  booktitle={Proceedings of the Third International Conference on Learning Analytics and Knowledge},
  pages={170--179},
  year={2013},
  organization={ACM}
}


@inproceedings{ramesh2013modeling,
  title={Modeling Learner Engagement in MOOCs using Probabilistic Soft Logic},
  author={Ramesh, Arti and Goldwasser, Dan and Huang, Bert and Daum{\'e} III, Hal and Getoor, Lise},
  booktitle={NIPS Workshop on Data Driven Education},
  year={2013}
}

@article{brinton2013learning,
  title={Learning about social learning in MOOCs: From statistical analysis to generative model},
  author={Brinton, Christopher G and Chiang, Mung and Jain, Shaili and Lam, Henry and Liu, Zhenming and Wong, Felix Ming Fai},
  journal={arXiv preprint arXiv:1312.2159},
  year={2013}
}

@inproceedings{reilly2013moocs,
  title={MOOCs Deconstructed: Variables that Affect MOOC Success Rates},
  author={Reilly, Christiane},
  booktitle={World Conference on E-Learning in Corporate, Government, Healthcare, and Higher Education},
  volume={2013},
  number={1},
  pages={1308--1338},
  year={2013}
}

@article{kulkarni2013peer,
  title={Peer and self assessment in massive online classes},
  author={Kulkarni, Chinmay and Wei, Koh Pang and Le, Huy and Chia, Daniel and Papadopoulos, Kathryn and Cheng, Justin and Koller, Daphne and Klemmer, Scott R},
  journal={ACM Transactions on Computer-Human Interaction (TOCHI)},
  volume={20},
  number={6},
  pages={33},
  year={2013},
  publisher={ACM}
}

@inproceedings{ramesh2013modeling,
  title={Modeling Learner Engagement in MOOCs using Probabilistic Soft Logic},
  author={Ramesh, Arti and Goldwasser, Dan and Huang, Bert and Daum{\'e} III, Hal and Getoor, Lise},
  booktitle={NIPS Workshop on Data Driven Education},
  year={2013}
}

@article{kizilcecshowing,
  title={Showing Face in Video Instruction: Effects on Information Retention, Visual Attention, and Affect},
  author={Kizilcec, Ren{\'e} F and Papadopoulos, Kathryn and Sritanyaratana, Lalida}
}

@online{sarma,
author = {Sanjay Sarma},
title = {Lecture on Massive Open Online Courses at IIM Ahmedabad, India},
year = {2013},
url = {http://www.youtube.com/watch?v=RLSfezKKjnk},
urldate = {2013-07-25}
}

@inproceedings{tr,
author = {Franck Dernoncourt and Kalyan Veeramachaneni and Colin Taylor and Una-May O'Reilly},
title = {MOOCdb: Developing Standards and Systems for MOOC Data Science},
booktitle = {Technical Report, MIT},
year = {2013}
}

@online{alex,
author = {Alex Waldin},
title = {Learning Blood Pressure Behavior From Large Blood Pressure Waveform Repositories and Building Predictive Models},
year = {2013},
booktitle = {Thesis, MIT},
}